<?xml version="1.0" encoding="UTF-8"?><collection><record><leader>06986ntm a2200613 a 4500</leader><controlfield tag="001">006768295</controlfield><controlfield tag="003">MiAaHDL</controlfield><controlfield tag="005">20190719000000.0</controlfield><controlfield tag="006">m        d        </controlfield><controlfield tag="007">cr bn ---auaua</controlfield><controlfield tag="008">090505q14451446xx            00| ||ara d</controlfield><datafield tag="035" ind1=" " ind2=" "><subfield code="a">(MiU)006768295</subfield></datafield><datafield tag="035" ind1=" " ind2=" "><subfield code="a">sdr-miu006768295</subfield></datafield><datafield tag="040" ind1=" " ind2=" "><subfield code="a">MiU</subfield><subfield code="c">MiU</subfield><subfield code="e">amremm</subfield></datafield><datafield tag="043" ind1=" " ind2=" "><subfield code="a">n-us-mi</subfield></datafield><datafield tag="100" ind1="1" ind2=" "><subfield code="6">880-01</subfield><subfield code="a">Taftāzānī, Masʻūd ibn ʻUmar,</subfield><subfield code="d">1322-1389?</subfield></datafield><datafield tag="240" ind1="1" ind2="0"><subfield code="6">880-02</subfield><subfield code="a">Sharḥ al-ʻAqāʼid al-Nasafīyah</subfield></datafield><datafield tag="245" ind1="1" ind2="0"><subfield code="6">880-03</subfield><subfield code="a">Sharḥ al-ʻAqāʼid fī ʻilm al-kalām,</subfield><subfield code="f">[849, i.e. 1445 or 1446].</subfield></datafield><datafield tag="260" ind1=" " ind2=" "><subfield code="c">[1445 or 1446].</subfield></datafield><datafield tag="300" ind1=" " ind2=" "><subfield code="a">58 leaves :</subfield><subfield code="b">paper ;</subfield><subfield code="c">181 x 145 (125 x 90) mm.</subfield></datafield><datafield tag="500" ind1=" " ind2=" "><subfield code="a">Shelfmark: Ann Arbor, University of Michigan, Special Collections Library, Isl. Ms. 509</subfield></datafield><datafield tag="500" ind1=" " ind2=" "><subfield code="a">Origin: As appears in colophon on p.119, copied by ʻAbd Allāh ibn Kuzal [?] with transcription completed in 849 [1445 or 6]. As appears on p.121, transcription of grammatical work excerpt completed 22 Dhū al-Ḥijjah 863 [ca. 20 October 1459].</subfield></datafield><datafield tag="500" ind1=" " ind2=" "><subfield code="a">Accompanying materials: a. Acquisitions slip from Yahuda. (pp.1-2) -- b. Inventory cataloguing slip in hand of Winifred Smeaton Thomas. (pp.3-4). -- c. Slip carrying glosses (pp.23-24).</subfield></datafield><datafield tag="500" ind1=" " ind2=" "><subfield code="a">Former shelfmark: From inner front cover and spine label, "IL 207" (likely supplied by Yahuda, see acquisitions slip).</subfield></datafield><datafield tag="500" ind1=" " ind2=" "><subfield code="a">Binding: Boards covered in dark red textured paper (resembling a pebble grain) with red leather over spine and fore edge flap ; Type II binding (with flap) ; pastedowns and flyleaves in red-tinted wove paper ; resewn in light blue thread, four stations, perhaps originally in red thread ; overall in poor condition with abrasion, lifting of paper and leather, minor spine slant (slightly cocked), etc.</subfield></datafield><datafield tag="500" ind1=" " ind2=" "><subfield code="a">Support: non-European laid paper with 8-9 laid lines per cm. (vertical) and chain lines grouped in threes (horizontal) with 8-10 mm. between chains and 29-39 mm. between groups (see pp.32, 64, 102, etc.) ; well-burnished, sturdy and fairly smooth ; staining and tidelines.</subfield></datafield><datafield tag="500" ind1=" " ind2=" "><subfield code="a">Decoration: Some keywords, abbreviation symbols, excerpts of text being commented upon, corrections and glosses rubricated ; others in blue ink ; textual dividers in the form of red discs.</subfield></datafield><datafield tag="500" ind1=" " ind2=" "><subfield code="a">Script: Naskh ; clear 'Syrian' or Egyptian hand in a medium line ; serifless, fluid and rounded with curvilinear descenders, pointing mainly in distinct dots, kāf mashkūlah (mashqūqah) preferred, the lām alif al-warrāqīyah preferred ; main hand with slight effect of tilt to the right, occasionally more exaggerated ; second quire (pp.25-44) supplied in a somewhat stiffer hand with very slight effect of tilt to the left, tails of many descenders (lām, nūn, sīn, ṣāḍ, etc.) quite flat and shortened (not continuing up to complete bowl) ; from p.111 to close, aspect changes to be slightly more compact with marked inclination to the right, descenders of rāʼ and mīm fairly straight, short and stiff, hāʼ looking like two inverted commas ; partially vocalized ; final work supplied in still a different hand.</subfield></datafield><datafield tag="500" ind1=" " ind2=" "><subfield code="a">Layout: Written in 19 lines per page ; frame-ruled.</subfield></datafield><datafield tag="500" ind1=" " ind2=" "><subfield code="a">Collation: i, V-1 (9), 4 V(49), V-1 (58), i ; Chiefly quinions ; quire numbering in the form of whole words in the upper counter corner of the recto of the first leaf of each quire (first apparent in the third) ; pagination in pencil, Western numerals, supplied during digitization (includes inserts).</subfield></datafield><datafield tag="500" ind1=" " ind2=" "><subfield code="a">Colophon: "Scribal," rectangular, reads "تم اكمال هذا الشرح المبارك على يد الفقير المعترف بالتقصير عبد الله بن كزل عام ۸۴۹ حامدا لله ومصليا على نبيه"</subfield></datafield><datafield tag="500" ind1=" " ind2=" "><subfield code="a">Explicit: "فالترقي والعلو انما هو في امر التجرد واظهار الآثار القوية لا في مطلق الشرف والكمال فلا دلالة على افضلية الملائكة والله تعالى اعلم بالصواب والحمد لله رب العالمين"</subfield></datafield><datafield tag="500" ind1=" " ind2=" "><subfield code="a">Incipit: "الحمد لله المتوحد بجلال ذاته وكمال صفاته المتقدس في نعوت الجبروت عن شوائب النقص وسماته ... وبعد فان مبنى علم الشرائع والاحكام واساس قواعد عقائد الاسلام هو علم التوحيد والصفات الموسوم بالكلام ... وان المختصر المسمى بالعقائد للامام الهمام قدوة علماء الاسلام نجم الملة والدين عمر النسفي اعلى الله درجته في دار السلام يشتمل من هذا الفن على غرر الفوائد ودرر الفرائد في ضمن فصول هي للدين قواعد واصول ... فحاولت ان اشرحه شرحا يفصل مجملاته ويبين معضلاته ..."</subfield></datafield><datafield tag="500" ind1=" " ind2=" "><subfield code="a">Title from 'title page' (p.5).</subfield></datafield><datafield tag="500" ind1=" " ind2=" "><subfield code="a">Ms. codex.</subfield></datafield><datafield tag="505" ind1="0" ind2=" "><subfield code="a">2. p.120-121 : [leaves likely originally left blank, now carry an excerpt from Tuḥfah fī al-naḥw?] / Muḥammad ibn ʻAbd Allāh al-Anṣārī [?].</subfield></datafield><datafield tag="505" ind1="0" ind2=" "><subfield code="a">1. p.5-p.119 : Sharḥ al-ʻAqāʼid fī ʻilm al-kalām / Masʻūd ibn ʻUmar al-Taftāzānī.</subfield></datafield><datafield tag="510" ind1="4" ind2=" "><subfield code="a">Ḥājjī Khalīfah. Kasf al-ẓunūn,</subfield><subfield code="c">iv 219, no.8173</subfield></datafield><datafield tag="510" ind1="4" ind2=" "><subfield code="a">Brockelmann, C. GAL,</subfield><subfield code="c">S II 921-922</subfield></datafield><datafield tag="510" ind1="4" ind2=" "><subfield code="a">Brockelmann, C. GAL,</subfield><subfield code="c">II 215-16, no.11 ; I 427</subfield></datafield><datafield tag="520" ind1="8" ind2=" "><subfield code="a">Well-glossed copy of al-Taftāzānī’s commentary on the popular creed, al-ʻAqāʼid al-Nasafīyah of Abū Ḥafs ʻUmar Najm al-Dīn al-Māturīdī al-Nasafī (d.1142). On the final two leaves of the codex, an excerpt from a grammatical work (Tuḥfah fī al-naḥw?) attributed to Muḥammad ibn ʻAbd Allāh al-Anṣārī has been added later in a different hand.</subfield></datafield><datafield tag="538" ind1=" " ind2=" "><subfield code="a">Mode of access: Internet.</subfield></datafield><datafield tag="541" ind1=" " ind2=" "><subfield code="a">Acquired in 1926 from the bookseller Isaac Benjamin S.E. Yahuda via purchase transacted on his behalf by his younger brother, the famous Orientalist and manuscript collector Abraham Shalom Yahuda (1877-1951).</subfield></datafield><datafield tag="546" ind1=" " ind2=" "><subfield code="a">Arabic.</subfield></datafield><datafield tag="561" ind1=" " ind2=" "><subfield code="a">Traces of former owners' marks (now effaced) on 'title page' (p.5) ; extensive marginal and interlinear glosses ; occasional corrections ; collation marks "ثم بلغ" etc.</subfield></datafield><datafield tag="600" ind1="1" ind2="0"><subfield code="a">Nasafī, ʻUmar ibn Muḥammad,</subfield><subfield code="d">1068?-1142.</subfield><subfield code="t">ʻAqāʼid.</subfield></datafield><datafield tag="650" ind1=" " ind2="0"><subfield code="a">Manuscripts, Arabic</subfield><subfield code="z">Michigan</subfield><subfield code="z">Ann Arbor.</subfield></datafield><datafield tag="650" ind1=" " ind2="0"><subfield code="a">Islam</subfield><subfield code="x">Doctrines</subfield><subfield code="v">Early works to 1800.</subfield></datafield><datafield tag="700" ind1="0" ind2=" "><subfield code="6">880-05</subfield><subfield code="a">ʻAbd Allāh ibn Kuzal,</subfield><subfield code="d">fl. 1445,</subfield><subfield code="e">scribe.</subfield></datafield><datafield tag="773" ind1="0" ind2=" "><subfield code="a">Yahuda Collection.</subfield></datafield><datafield tag="880" ind1="0" ind2=" "><subfield code="6">700-05/</subfield><subfield code="a">عبد الله بن كزل،</subfield><subfield code="e">ناسخ.</subfield></datafield><datafield tag="880" ind1="1" ind2="0"><subfield code="6">245-03/</subfield><subfield code="a">شرح العقائد في علم الكلام,</subfield><subfield code="f">[849ه، 1445 أو 1446م].</subfield></datafield><datafield tag="880" ind1="1" ind2="0"><subfield code="6">240-02/</subfield><subfield code="a">شرح العقائد النسفية</subfield></datafield><datafield tag="880" ind1="1" ind2=" "><subfield code="6">100-01/</subfield><subfield code="a">تفتازاني، مسعود ابن عمر.</subfield></datafield><datafield tag="CID" ind1=" " ind2=" "><subfield code="a">006768295</subfield></datafield><datafield tag="DAT" ind1="0" ind2=" "><subfield code="a">20190719102635.0</subfield><subfield code="b">20190719000000.0</subfield></datafield><datafield tag="DAT" ind1="1" ind2=" "><subfield code="a">20190719090653.0</subfield><subfield code="b">2019-07-19T16:11:21Z</subfield></datafield><datafield tag="DAT" ind1="2" ind2=" "><subfield code="a">2015-10-02T18:00:03Z</subfield></datafield><datafield tag="CAT" ind1=" " ind2=" "><subfield code="a">SDR-MIU</subfield><subfield code="d">EX LIBRIS - ALEPH</subfield><subfield code="l">prepare.pl-004-008</subfield></datafield><datafield tag="FMT" ind1=" " ind2=" "><subfield code="a">BK</subfield></datafield><datafield tag="HOL" ind1=" " ind2=" "><subfield code="0">sdr-miu006768295</subfield><subfield code="a">MiU</subfield><subfield code="b">SDR</subfield><subfield code="c">MIU</subfield><subfield code="p">mdp.39015079125293</subfield><subfield code="s">MIU</subfield><subfield code="1">006768295</subfield></datafield><datafield tag="974" ind1=" " ind2=" "><subfield code="b">MIU</subfield><subfield code="c">MIU</subfield><subfield code="d">20190719</subfield><subfield code="s">lit-dlps-dc</subfield><subfield code="u">mdp.39015079125293</subfield><subfield code="y">1446</subfield><subfield code="r">pd</subfield><subfield code="q">bib</subfield><subfield code="t">non-US bib date2 &lt; 1879</subfield></datafield></record></collection>